<?xml version="1.0" encoding="UTF-8"?><record xmlns="http://www.loc.gov/MARC21/slim" xmlns:cinclude="http://apache.org/cocoon/include/1.0" xmlns:zs="http://www.loc.gov/zing/srw/">
  <leader>00453nz  a2200133n  4500</leader>
  <controlfield tag="001">nb2010006170</controlfield>
  <controlfield tag="003">DLC</controlfield>
  <controlfield tag="005">20100310075116.0</controlfield>
  <controlfield tag="008">100308n| acannaabn          |n aaa      </controlfield>
  <datafield tag="010" ind1=" " ind2=" ">
    <subfield code="a">nb2010006170</subfield>
  </datafield>
  <datafield tag="035" ind1=" " ind2=" ">
    <subfield code="a">(Uk)007732131</subfield>
  </datafield>
  <datafield tag="040" ind1=" " ind2=" ">
    <subfield code="a">Uk</subfield>
    <subfield code="b">eng</subfield>
    <subfield code="c">Uk</subfield>
  </datafield>
  <datafield tag="100" ind1="1" ind2=" ">
    <subfield code="a">Antolovic, Danko</subfield>
  </datafield>
  <datafield tag="670" ind1=" " ind2=" ">
    <subfield code="a">Radiolocation in ubiquitous wireless communication, c2010:</subfield>
    <subfield code="b">t.p. (Danko Antolovic) t.p. verso (Univ. Information Technology Services, Indiana Univ., Bloomington, Ind.)</subfield>
  </datafield>
</record>